@article{EVERDEEN,
	Author={EVERDEEN, A},
	Title={Monitoring Battery Life with a Microcontroller},
	Url={http://www.egr.msu.edu/classes/ece480/capstone/fall13/group06/files/everdeen_appnote.pdfhttp://www.egr.msu.edu/classes/ece480/capstone/fall13/group06/files/everdeen_appnote.pdf},
	Urlaccessdate={27 ago. 2017},
}

@article{nauticexpo,
	Author={Nauticexpo},
	Title={Comedouro Eletrônico para Peixes},
	Url={http://www.nauticexpo.com/pt/fabricante-embarcacao/boia-porto-comercial-28571-_2.html},
	Urlaccessdate={28 ago. 2017},
}

@article{Marcsystem,
	Author={Marcsystem},
	Title={Baias para portos comerciais},
	Url={http://www.marcsystem.ind.br/loja/products/Comedouro-Eletr%F4nico-para-Peixes.html},
	Urlaccessdate={26 ago. 2017},
	Year={2017}
}

@article{smartpier,
	Author={smartpier},
	Title={DECK FLUTUANTE},
	Url={http://www.smartpier.com/deck-flutuante.php},
	Urlaccessdate={26 ago. 2017},
}


@article{Anderson,
	Author={John D. Anderson, Jr.},
	Title={Fundamentals of Aerodynamics; 5ª Edition; }
}

@article{Frank,
	Author={Frank M. White},
	Title={Mecânica dos Fluidos; 6ª Edição}
}

@article{vento,
	Author={Diariodesantamaria},
	Title={Rajadas de vento de 134 km/h foram as maiores já registradas em Santa Maria},
	Url={http://diariodesantamaria.clicrbs.com.br/rs/geral-policia/noticia/2015/10/rajadas-de-vento-de-134-km-h-foram-as-maiores-ja-registradas-em-santa-maria-4880313.html},
	Urlaccessdate={24 ago. 2017},
}

@article{tempo,
	Author={Climatempo},
	Title={Tempo em Palmas},
	Url={https://www.climatempo.com.br/vento/cidade/593/palmas-to},
	Urlaccessdate={26 ago. 2017},
}

@article{globo,
	Author={Globo.com},
	Title={Rajadas de vento chegam a 40 km/h em Palmas},
	Url={http://g1.globo.com/to/tocantins/noticia/2016/07/rajadas-de-vento-chegam-40-kmh-em-palmas-veja-video.html},
	Urlaccessdate={25 ago. 2017},
}



@article{Omicsonline,
	Author={Omicsonline},
	Title={Physical and Mechanical Properties of Fish Feed Pellets},
	Url={https://www.omicsonline.org/open-access/physical-and-mechanical-properties-of-fish-feed-pellets-2157-7110.1000378.php?aid=32331},
	Urlaccessdate={27 ago. 2017},
}

@article{ss,
	Author={SOUZA e SILVA, Juarez},
	Title={SECAGEM E ARMAZENAGEM DE PRODUTOS AGRÍCOLAS},
	Urlaccessdate={27 ago. 2017},
	Year={2008}
}

@article{Coberfoil,
	Author={Coberfoil},
	Title={MANTA REFLETIVA METALIZADA},
	Url={http://www.coberfoil.com.br/br/produtos/manta-refletiva-metalizada/},
	Urlaccessdate={25 ago. 2017},
}

@article{mercado,
	Author={Mercadolivre},
	Title={Célula Sensor De Carga Peso Com 4 Fio 50 Kg Projeto Arduino},
	Url={produto.mercadolivre.com.br/MLB-867071037-celula-sensor-de-carga-peso-com-4-fio-50-kg-projeto-arduino-_JM},
	Urlaccessdate={26 ago. 2017},
}

@article{euroaktion,
	Author={Euroaktion},
	Title={TABELA DE DENSIDADE DOS MATERIAIS},
	Url={http://www.euroaktion.com.br/Tabela%20de%20Densidade%20dos%20Materiais.pdf},
	Urlaccessdate={26 ago. 2017},
}


@article{isar,
	Author={Isar},
	Title={CINTA E SELO},
	Url={http://www.isar.com.br/produtos/revestimento/materiais-auxiliares/cinta-e-selo/},
	Urlaccessdate={27 ago. 2017},
}

@article{aluminuin,
	Author={Aalco},
	Title={Aluminium Alloy - Commercial Alloy - 1050 '0' Sheet},
	Url={http://www.aalco.co.uk/datasheets/Aluminium-Alloy-1050-0-Sheet_58.ashx},
	Urlaccessdate={26 ago. 2017},
}

@article{mercado1,
	Author={Mercadolivre},
	Title={Módulo Célula De Carga 24 Bits - Balança - Hx711},
	Url={produto.mercadolivre.com.br/MLB-808263469-modulo-celula-de-carga-24-bits-balanca-hx711-_JM},
	Urlaccessdate={26 ago. 2017},
}

@article{mercado2,
	Author={Mercadolivre},
	Title={Módulo Sensor + Ph Eletrodo Sonda Bnc Arduino/phmetro},
	Url={produto.mercadolivre.com.br/MLB-797773127-modulo-sensor-ph-eletrodo-sonda-bnc-arduinophmetro-_JM},
	Urlaccessdate={26 ago. 2017},
}

@article{mercado3,
	Author={Mercadolivre},
	Title={Módulo transceptor nrf24l01},
	Url={https://produto.mercadolivre.com.br/MLB-818265937-modulo-transceptor-nrf24l01-com-amplificador-e-antena-1km-_JM},
	Urlaccessdate={26 ago. 2017},
}




@monography{herbert,
	Adress={Brasília},
	Author={Reis, H. C.},
	Pages={87},
	School={Universidade de Brasília},
	Title={Especifica{\c c}ão de um formato de arquivo open source para audiobooks com suporte a marca{\c c}ões de conteúdo},
	Type={Especializa{\c c}ão},
	Year={2013}
}

@misc{sox,
	Subtitle={Site},
	Title={Sound eXchande},
	Author={Sox},
	Url={http://www.sox.sourceforge.net},
	Urlaccessdate={20 set. 2014},
	Year={2014}
}

@misc{phonearena,
	Subtitle={Site},
	Title={Phone Arena},
	Author={Victor},
	Url={http://www.phonearena.com/news/Moores-Law-is-coming-to-an-end_id54127},
	Urlaccessdate={24 set. 2014},
	Year={2014}
}

@article{cloud,
	Author={Fagundes, E. M.},
	Title={O desafio do consumo de energia dos Data Centers no Brasil},
	Url={http://efagundes.com/itgov/o-desafio-do-consumo-de-energia-dos-data-centers-no-brasil},
	Urlaccessdate={29 set. 2014},
	Year={2014}
}

@book{moore,
	Author={Disco, Cornelis and Meulen, Barend van der},
	Title={Getting New Technologies Together: Studies in Making Sociotechnical Order},
	Publisher={De Gruyter},
	Address={Berlin, Boston},
	Year={2012}
}

@book{tanenbaumorganizacao,
	Author={Tanenbaum, A. S.},
	Title={Organiza{\c c}ão Estruturada de Computadores},
	Publisher={Pearson Prentice Hall},
	Edition={5 edi{\c c}ão},
	Year={2007}
}

@book{forouzan,
	Author={Forouzan, Behrouz A.},
	Title={Comunica{\c c}ão de Dados e Redes de Computadores},
	Publisher={Mcgraw Hill Brasil},
	Year={2006}
}

@book{compressaomultimidia,
	Author={Ribeiro, Nuno and Torres, José},
	Title={Tecnologias de Compressão Multimédia},
	Publisher={FCA},
	Year={2009}
}

@monography{compressaoadaptativa,
	Adress={Ouro Preto},
	Author={Assis, A. F.},
	School={Universidade Federal de Outro Preto},
	Title={Proposta de Middleware para Compressão Adaptativa de Dados em Ambientes Android},
	Type={Especializa{\c c}ão},
	Year={2010}
}

@book{tenenbaumdados,
	Author={Tenenbaum, Aaron M. and Langsam, Yedidyah and Augenstein, Moshe J. and de Souza, Teresa Cristina Félix},
	Title={Estrutura de dados usando C},
	Publisher={Pearson Makron Books},
	Year={2004}
}

@monography{compressaoaudio,
	Adress={Brasília},
	Author={Braga, Endrizzo Galilei Carmo},
	School={Departamento de Engenharia Elétrica, Universidade de Brasília},
	Title={Compressão de Áudio},
	Pages={76},
	Type={Projeto Final de Gradua{\c c}ão},
	Year={2003}
}

@book{sayood,
	Author={Sayood, Khalid},
	Title={Introduction to data compression},
	Publisher={Newnes},
	Year={2012}
}

@article{audiobooksuporte,
	Author={Souza, M. S. D. and Celva, R. A. and Helvadjian, V.},
	Title={Audiolivro: um suporte para a educa{\c c}ão literária},
	Url={http://ltp.emnuvens.com.br/ltp/article/viewFile/69/66},
	Urlaccessdate={22 out. 2014},
	Year={2006}
}

@article{audiobookinovacao,
	Author={Palleta, F. A. C. and Watanabe, E. T. Y. and Penilha, D. F.},
	Title={Audiolivro: inova{\c c}ões tecnológicas, tendências e divulga{\c c}ão},
	Adress={São Paulo},
	Year={2008}
}

@article{teixeira,
	Author={Teixeira, J.},
	Title={Leitura de ouvido},
	Publisher={Veja},
	Pages={135, n. 35, ano 39},
	Adress={São Paulo},
	Year={2006}
}

@misc{audible,
	Subtitle={Site},
	Title={Home page},
	Author={Audible},
	Url={http://www.audible.com},
	Urlaccessdate={27 out. 2014},
	Year={2014}
}

@article{dw,
	Title={Audiolivro vira moda na Alemanha},
	Author={DW},
	Publisher={DW, Deutsche Welle},
	Url={http://dw.de/p/4wvJ},
	Urlaccessdate={27 out. 2014},
	Year={2004}
}

@article{farias,
	Author={Farias, S. C.},
	Title={O audiolivro e sua contribui{\c c}ão no processo de dissemina{\c c}ão de informa{\c c}ões e na inclusão social},
	Publisher={Revista Digital de Biblioteconomia e Ciência da Informa{\c c}ão},
	Url={http://www.sbu.unicamp.br/seer/ojs/index.php/rbci/article/view/529},
	Version={10, n. 1},
	Year={2012}
}

@misc{rhj,
	Subtitle={Site},
	Title={Home page},
	Author={RHJ},
	Url={http://www.editorarhj.com.br},
	Urlaccessdate={29 out. 2014},
	Year={2009}
}

@misc{universidadefalada,
	Subtitle={Site},
	Title={Home page},
	Author={Universidade Falada},
	Url={http://www.universidadefalada.com.br},
	Urlaccessdate={02 nov. 2014},
	Year={2004}
}

@misc{tocalivros,
	Subtitle={Site},
	Title={tocalivros},
	Url={http://www.tocalivros.com},
	Urlaccessdate={11 nov. 2014},
	Year={2014}
}

@article{publishnews,
	Title={Livros para ouvir},
	Author={Neto, L.},
	Publisher={PublishNews},
	Url={http://www.publishnews.com.br/telas/noticias/detalhes.aspx?id=79097},
	Urlaccessdate={11 nov. 2014},
	Year={2014}
}

@book{pcm,
	Author={Waggener, B.},
	Title={Pulse Code Modulation Techniques},
	Publisher={Springer},
	Year={1994}
}

@book{serraaudio,
	Author={Serra, F.},
	Title={Áudio Digital: A tecnologia aplicada à música e ao tratamento de som},
	Adress={Rio de Janeiro},
	Publisher={Editora Ciência Moderna Ltda},
	Year={2002}
}

@misc{muratnkonar,
	Subtitle={Site},
	Title={Audio Interchange File Format},
	Author={Muratnkonar},
	Url={http://www.muratnkonar.com/aiff/index.html},
	Urlaccessdate={03 nov. 2014},
	Year={2014}
}

@misc{mpgedit,
	Subtitle={Site},
	Title={MPEG Audio Compression Basics},
	Author={ERROR},
	Url={http://www.mpgedit.org/mpgedit/mpeg_format/mpeghdr.htm},
	Urlaccessdate={03 nov. 2014},
	Year={1999}
}

@article{mp3oquee,
	Title={MP3},
	Author={Alecrim, E.},
	Publisher={Info Wester},
	Url={http://www.infowester.com/histomptres.php},
	Urlaccessdate={05 nov. 2014},
	Year={2006}
}
@misc{ogg,
	Subtitle={Documento Técnico},
	Title={The Ogg Encapsulation Format Version 0},
	Author={RFC\_3533},
	Url={http://xiph.org/ogg/doc/rfc3533.txt},
	Urlaccessdate={03 nov. 2014},
	Year={2003}
}

@misc{vorbis,
	Subtitle={Site},
	Title={Vorbis I specification},
	Author={Xiph.org},
	Url={http://wiki.xiph.org/vorbis/doc/Vorbis_I_spec.html},
	Urlaccessdate={03 nov. 2014},
	Year={2012}
}

@misc{vbr,
	Subtitle={Entendendo o MP3 (CBR, ABR, VBR)},
	Title={Becker, F.},
	Url={http://www.midideejay.com/2009/03/tutorial-mp3-cbr-abr-vbr.html},
	Urlaccessdate={15 nov. 2014},
	Year={2014}
}

@article{mdct,
	Title={Computation of Forward and Inverse MDCT Using Clenshaw's Recurrence Formula},
	Author={Nikolajevic, V. and Fettewis, G.},
	Publisher={IEEE Transactions on Signal Precessing},
	Url={http://www.infowester.com/histomptres.php},
	Urlaccessdate={13 nov. 2014},
	Year={2003}
}

@article{algoritmocompressao,
	Title={Ogg Vorbis: Subjective assessment of sound quality at very low bit rates},
	Author={Svítek, J.},
	Publisher={Cesnet Archiv},
	Url={http://archiv.cesnet.cz/doc/techzpravy/2006/vorbis/#Vor00},
	Urlaccessdate={12 nov. 2014},
	Year={2006}
}

@misc{license,
	Subtitle={Site},
	Title={Vorbis Audio Compression},
	Author={Xiph.org},
	Url={http://www.xiph.org/vorbis/},
	Urlaccessdate={15 nov. 2014},
	Year={2000}
}

@misc{licenseterms,
	Subtitle={Site},
	Title={Vorbis Audio Compression},
	Author={Xiph.org},
	Url={http://www.xiph.org/licenses/bsd/},
	Urlaccessdate={15 nov. 2014},
	Year={1994}
}

@misc{googleacademico,
	Subtitle={Site},
	Title={Google Acadêmico},
	Author={Google},
	Url={http://scholar.google.com.br},
	Urlaccessdate={15 nov. 2014},
	Year={2014}
}

@misc{scielo,
	Subtitle={Site},
	Title={Scientific Electronic Library Online},
	Author={Scielo},
	Url={http://www.scielo.org/php/index.php},
	Urlaccessdate={14 nov. 2014},
	Year={2014}
}

@misc{acm,
	Subtitle={Site},
	Title={ACM Digital Library},
	Author={ACM},
	Url={http://dl.acm.org},
	Urlaccessdate={12 nov. 2014},
	Year={2014}
}
